<record xmlns="http://www.loc.gov/MARC21/slim">
   <leader>03757cam a2200529 i 4500</leader>
   <controlfield tag="001">6624328</controlfield>
   <controlfield tag="003">OCoLC</controlfield>
   <controlfield tag="005">20140811174705.0</controlfield>
   <controlfield tag="008">130612s2015    maua     b    001 0 eng  </controlfield>
   <datafield ind1=" " ind2=" " tag="010">
      <subfield code="a">  2013023520</subfield>
   </datafield>
   <datafield ind1="7" ind2=" " tag="016">
      <subfield code="a">101610265</subfield>
      <subfield code="2">DNLM</subfield>
   </datafield>
   <datafield ind1=" " ind2=" " tag="020">
      <subfield code="a">9781449691042</subfield>
   </datafield>
   <datafield ind1=" " ind2=" " tag="020">
      <subfield code="a">1449691048</subfield>
   </datafield>
   <datafield ind1=" " ind2=" " tag="020">
      <subfield code="a">9781284034080 (paperback)</subfield>
   </datafield>
   <datafield ind1=" " ind2=" " tag="020">
      <subfield code="a">1449691048 (paperback)</subfield>
   </datafield>
   <datafield ind1=" " ind2=" " tag="035">
      <subfield code="a">ocn848393319</subfield>
   </datafield>
   <datafield ind1=" " ind2=" " tag="040">
      <subfield code="a">DNLM/DLC</subfield>
      <subfield code="b">eng</subfield>
      <subfield code="e">rda</subfield>
      <subfield code="c">DLC</subfield>
      <subfield code="d">OCLCQ</subfield>
      <subfield code="d">OCLCO</subfield>
      <subfield code="d">NLM</subfield>
      <subfield code="d">CTN</subfield>
      <subfield code="d">NBU</subfield>
      <subfield code="d">AEU</subfield>
   </datafield>
   <datafield ind1=" " ind2=" " tag="042">
      <subfield code="a">pcc</subfield>
   </datafield>
   <datafield ind1="0" ind2="0" tag="050">
      <subfield code="a">GV211</subfield>
      <subfield code="b">.F73 2015</subfield>
   </datafield>
   <datafield ind1="1" ind2="0" tag="060">
      <subfield code="a">QT 11.1</subfield>
   </datafield>
   <datafield ind1="0" ind2="0" tag="082">
      <subfield code="a">613.7/1</subfield>
      <subfield code="2">23</subfield>
   </datafield>
   <datafield ind1=" " ind2=" " tag="090">
      <subfield code="a">GV 211 F73 2015</subfield>
      <subfield code="b">ARDC</subfield>
   </datafield>
   <datafield ind1=" " ind2=" " tag="090">
      <subfield code="a">GV 211 F73 2015</subfield>
      <subfield code="b">AEC</subfield>
   </datafield>
   <datafield ind1=" " ind2=" " tag="090">
      <subfield code="a">GV 211 F73 2015</subfield>
      <subfield code="b">AEU</subfield>
   </datafield>
   <datafield ind1="1" ind2=" " tag="100">
      <subfield code="a">Freeman, William Hardin,</subfield>
      <subfield code="d">1943- ,</subfield>
      <subfield code="e">author.</subfield>
   </datafield>
   <datafield ind1="1" ind2="0" tag="245">
      <subfield code="a">Physical education, exercise, and sport science in a changing society /</subfield>
      <subfield code="c">[by] William H. Freeman, PhD, Campbell University, Buies Creek, North Carolina.</subfield>
   </datafield>
   <datafield ind1=" " ind2=" " tag="250">
      <subfield code="a">Eighth edition.</subfield>
   </datafield>
   <datafield ind1=" " ind2="1" tag="264">
      <subfield code="a">Burlington, MA :</subfield>
      <subfield code="b">Jones &amp; Bartlett Learning,</subfield>
      <subfield code="c">[2015]</subfield>
   </datafield>
   <datafield ind1=" " ind2="4" tag="264">
      <subfield code="c">©2015.</subfield>
   </datafield>
   <datafield ind1=" " ind2=" " tag="300">
      <subfield code="a">xviii, 434 pages :</subfield>
      <subfield code="b">illustrations ;</subfield>
      <subfield code="c">23 cm.</subfield>
   </datafield>
   <datafield ind1=" " ind2=" " tag="336">
      <subfield code="a">text</subfield>
      <subfield code="b">txt</subfield>
      <subfield code="2">rdacontent</subfield>
   </datafield>
   <datafield ind1=" " ind2=" " tag="337">
      <subfield code="a">unmediated</subfield>
      <subfield code="b">n</subfield>
      <subfield code="2">rdamedia</subfield>
   </datafield>
   <datafield ind1=" " ind2=" " tag="338">
      <subfield code="a">volume</subfield>
      <subfield code="b">nc</subfield>
      <subfield code="2">rdacarrier</subfield>
   </datafield>
   <datafield ind1=" " ind2=" " tag="504">
      <subfield code="a">Includes bibliographical references and index.</subfield>
   </datafield>
   <datafield ind1="0" ind2=" " tag="505">
      <subfield code="a">What is our field? -- The academic foundations of exercise science and kinesiology -- Physical education and sport in the ancient world -- Physical education and sport in medieval and early modern Europe -- The development of American physical education to 1941 -- The rise of modern sport in the United States and England to 1941 -- American exercise science and sport from 1941 to today -- Philosophy in exercise science and sport -- Ethics and problems in exercise science, physical education, and sport -- Preparing for a career -- Traditional careers in physical education and sport -- Careers in sport, exercise science, kinesiology -- International exercise science and sport today -- Current issues in American exercise science and sport -- Into the future in exercise science and sport.</subfield>
   </datafield>
   <datafield ind1="0" ind2=" " tag="520">
      <subfield code="a">Written for the introductory or foundational course, the eighth edition provides a modern, comprehensive, and balanced entry to the fields of physical education, exercise science, and sport science. This revision outlines the origin and development of these disciplines and looks forward to their application of the latest data and technologies. It identifies current conflicts and includes discussion on the changing focuses of the field and the broader realms it encompasses. The text is organized in an easy to follow format, first defining the profession of exercise science and sport science, then providing an overview of the disciplines that study the cultural, social, and scientific foundations of this profession. In later chapters, the text builds upon that foundation and examines career development and job opportunities, looking at the traditional areas of teaching and coaching, the expanding career options of sport management, and the new world of the technological workplace.</subfield>
   </datafield>
   <datafield ind1=" " ind2=" " tag="596">
      <subfield code="a">16 21 35</subfield>
   </datafield>
   <datafield ind1=" " ind2="0" tag="650">
      <subfield code="a">Physical education and training.</subfield>
   </datafield>
   <datafield ind1=" " ind2="0" tag="650">
      <subfield code="a">Physical education and training</subfield>
      <subfield code="x">Professional ethics.</subfield>
   </datafield>
   <datafield ind1=" " ind2="0" tag="650">
      <subfield code="a">Sports sciences</subfield>
      <subfield code="x">Study and teaching.</subfield>
   </datafield>
   <datafield ind1="1" ind2="2" tag="650">
      <subfield code="a">Physical Education and Training</subfield>
      <subfield code="x">history.</subfield>
   </datafield>
   <datafield ind1="2" ind2="2" tag="650">
      <subfield code="a">Exercise.</subfield>
   </datafield>
   <datafield ind1="2" ind2="2" tag="650">
      <subfield code="a">Kinesiology, Applied.</subfield>
   </datafield>
   <datafield ind1="2" ind2="2" tag="650">
      <subfield code="a">Sports</subfield>
      <subfield code="x">history.</subfield>
   </datafield>
   <datafield ind1=" " ind2=" " tag="926">
      <subfield code="a">GV 211 F73 2015</subfield>
      <subfield code="w">LC</subfield>
      <subfield code="c">1</subfield>
      <subfield code="i">33333001310701</subfield>
      <subfield code="l">ON_SHELF</subfield>
      <subfield code="m">CONCORDIA</subfield>
      <subfield code="r">Y</subfield>
      <subfield code="s">Y</subfield>
      <subfield code="t">BOOK</subfield>
      <subfield code="u">9/15/2014</subfield>
   </datafield>
   <datafield ind1=" " ind2=" " tag="926">
      <subfield code="a">GV 211 F73 2015</subfield>
      <subfield code="w">LC</subfield>
      <subfield code="c">1</subfield>
      <subfield code="i">0162035177342</subfield>
      <subfield code="d">1/27/2017</subfield>
      <subfield code="e">9/19/2016</subfield>
      <subfield code="l">ON_SHELF</subfield>
      <subfield code="m">UAAUG</subfield>
      <subfield code="n">1</subfield>
      <subfield code="p">$150.00</subfield>
      <subfield code="r">Y</subfield>
      <subfield code="s">Y</subfield>
      <subfield code="t">BOOK</subfield>
      <subfield code="u">8/11/2014</subfield>
   </datafield>
   <datafield ind1=" " ind2=" " tag="926">
      <subfield code="a">GV 211 F73 2015</subfield>
      <subfield code="w">LC</subfield>
      <subfield code="c">1</subfield>
      <subfield code="i">30125302521645</subfield>
      <subfield code="l">FLOOR_2</subfield>
      <subfield code="m">RED_DEER_C</subfield>
      <subfield code="r">Y</subfield>
      <subfield code="s">Y</subfield>
      <subfield code="t">BOOK</subfield>
      <subfield code="u">4/2/2014</subfield>
   </datafield>
</record>
